<record xmlns="http://www.loc.gov/MARC21/slim" xmlns:xsi="http://www.w3.org/2001/XMLSchema-instance" xsi:schemaLocation="http://www.loc.gov/MARC21/slim http://www.loc.gov/standards/marcxml/schema/MARC21slim.xsd"><leader>01301nam a2200265   4500</leader><controlfield tag="001">002855503</controlfield><controlfield tag="003">NNU</controlfield><controlfield tag="006">m        d        </controlfield><controlfield tag="007">cr cn |||m|||a</controlfield><controlfield tag="008">140707s1957    iq      o     000 0 ararc</controlfield><datafield ind1=" " ind2=" " tag="040"><subfield code="a">NNU</subfield><subfield code="b">eng</subfield><subfield code="c">NNU</subfield></datafield><datafield ind1="1" ind2=" " tag="100"><subfield code="a">Kh&#257;li&#7779;, &#7778;al&#257;&#7717;.</subfield></datafield><datafield ind1="1" ind2="0" tag="245"><subfield code="a">Mu&#7717;ammad ibn &#699;Amm&#257;r al-Andalus&#299;</subfield><subfield code="h">[electronic resource],</subfield><subfield code="b">dir&#257;sah adab&#299;yah ta&#700;r&#299;kh&#299;yah li-alma&#700; shakh&#7779;&#299;yah siy&#257;s&#299;yah f&#299; ta&#700;r&#299;kh dawlat Ban&#299; &#699;Abb&#257;d f&#299; Ishb&#299;l&#299;yah.</subfield><subfield code="c">Ta&#700;l&#299;f &#7778;al&#257;&#7717; Kh&#257;li&#7779;.</subfield></datafield><datafield ind1=" " ind2=" " tag="260"><subfield code="a">Baghd&#257;d,</subfield><subfield code="b">Ma&#7789;ba&#699;ah al-Had&#299;,</subfield><subfield code="c">1957.</subfield></datafield><datafield ind1=" " ind2=" " tag="300"><subfield code="a">online resource (337 p.)</subfield></datafield><datafield ind1="0" ind2=" " tag="490"><subfield code="a">al-&#7716;ay&#257;h al-adab&#299;yah f&#299; Ishb&#299;l&#299;yah al-qarn al-kh&#257;mis,</subfield><subfield code="v">3</subfield></datafield><datafield ind1=" " ind2=" " tag="500"><subfield code="a">Part of the Arabic Collections Online (ACO) project, contributed by New York Univeristy Libraries.</subfield></datafield><datafield ind1=" " ind2=" " tag="504"><subfield code="a">Bibliography: p.334-337.</subfield></datafield><datafield ind1=" " ind2=" " tag="533"><subfield code="a">Electronic reproduction.</subfield><subfield code="b">New York, N.Y. :</subfield><subfield code="c">New York University,</subfield><subfield code="d">2014.</subfield><subfield code="5">NNU</subfield></datafield><datafield ind1="1" ind2=" " tag="700"><subfield code="a">Ibn &#699;Amm&#257;r, Mu&#7717;ammad,</subfield><subfield code="d">1030 or 31-1084 or 5.</subfield></datafield><datafield ind1="2" ind2=" " tag="710"><subfield code="a">New York University.</subfield><subfield code="b">Libraries.</subfield></datafield><datafield ind1="0" ind2=" " tag="730"><subfield code="a">Arabic Collections Online.</subfield></datafield><datafield ind1="0" ind2="8" tag="776"><subfield code="i">Print version:</subfield><subfield code="a">Kh&#257;li&#7779;, &#7778;al&#257;&#7717;.</subfield><subfield code="t">Mu&#7717;ammad ibn &#699;Amm&#257;r al-Andalus&#299;</subfield><subfield code="w">(NNU)002855503</subfield><subfield code="w">(DLC)ne 67001689</subfield></datafield><datafield ind1="4" ind2="0" tag="856"><subfield code="u">http://hdl.handle.net/2333.1/pnvx0n46</subfield></datafield><datafield ind1=" " ind2=" " tag="959"><subfield code="a">NNU</subfield><subfield code="b">WEB</subfield><subfield code="c">GENI</subfield><subfield code="t">0</subfield><subfield code="m">Electronic access</subfield><subfield code="s">01</subfield></datafield></record>